<?xml version="1.0" encoding="UTF-8"?><collection xmlns="http://www.loc.gov/MARC21/slim"><record><leader>00428nam--2200121-i-4500</leader><controlfield tag="001">000044590</controlfield><controlfield tag="002">20161230</controlfield><controlfield tag="005">20161230201044</controlfield><controlfield tag="008">060222s1000------------r-----000-0-eng-d</controlfield><datafield ind1=" " ind2=" " tag="100"><subfield code="a">Thibaud, Jean</subfield></datafield><datafield ind1=" " ind2=" " tag="245"><subfield code="a">Realisation a lyon d`un accelerateur de particules a un million de volts pour l`etude des reactions nucleaires par bombardament ionique et la production de radio-isotopes</subfield></datafield><datafield ind1=" " ind2=" " tag="260"><subfield code="a">Paris, C.E.A., 1954, 15p</subfield></datafield><datafield ind1=" " ind2=" " tag="852"><subfield code="a">5500</subfield></datafield></record></collection>